<?xml version="1.0" encoding="utf-8"?>
<record xmlns="http://www.loc.gov/MARC21/slim" xmlns:xsi="http://www.w3.org/2001/XMLSchema-instance" xsi:schemaLocation="http://www.loc.gov/MARC21/slim http://www.loc.gov/standards/marcxml/schema/MARC21slim.xsd">
	<leader>     nam a22     Mi 4500</leader>
	<controlfield tag="001">b23721613</controlfield>
	<controlfield tag="003">UaCaAUL</controlfield>
	<controlfield tag="006">m        d        </controlfield>
	<controlfield tag="007">cr cn |||m|||a</controlfield>
	<controlfield tag="008">191029s1936    ua h    ob    001 0 ara d</controlfield>
	<datafield ind1=" " ind2=" " tag="040">
		<subfield code="a">ZYU</subfield>
		<subfield code="b">ara</subfield>
		<subfield code="e">rda</subfield>
		<subfield code="c">ZYU</subfield>
	</datafield>
	<datafield ind1="0" ind2=" " tag="041">
		<subfield code="a">ara</subfield>
		<subfield code="a">eng</subfield>
	</datafield>
	<datafield ind1=" " ind2="4" tag="050">
		<subfield code="a">BP131</subfield>
		<subfield code="b">.J4 1936</subfield>
	</datafield>
	<datafield ind1="1" ind2=" " tag="100">
		<subfield code="6">880-01</subfield>
		<subfield code="a">Sijistānī, ʻAbd Allāh ibn Sulaymān,</subfield>
		<subfield code="d">845-928 or 929.</subfield>
	</datafield>
	<datafield ind1="1" ind2="0" tag="240">
		<subfield code="6">880-02</subfield>
		<subfield code="a">Maṣāḥif</subfield>
	</datafield>
	<datafield ind1="1" ind2="0" tag="245">
		<subfield code="6">880-03</subfield>
		<subfield code="a">Kitāb al-Maṣāḥif /</subfield>
		<subfield code="c">lil-ḥāfiẓ Abī Bakr ʻAbd Allāh ibn Abī Dāwūd Sulaymān ibn al-Ashʻath al-Sijistānī al-mutawaffá sanat 316 H ; wa-qad ṣaḥḥaḥahu wa-waqafa ʻalá ṭabʻih al-duktūr Āthir Jafrī. =</subfield>
		<subfield code="b">Materials for the History of the text of the Qurʼān : the old codices.</subfield>
	</datafield>
	<datafield ind1="1" ind2="5" tag="246">
		<subfield code="a">Materials for the History of the text of the Qurʼān : the old codices</subfield>
	</datafield>
	<datafield ind1=" " ind2=" " tag="250">
		<subfield code="6">880-04</subfield>
		<subfield code="a">al-Ṭabʻah al-ūlá.</subfield>
	</datafield>
	<datafield ind1=" " ind2="1" tag="264">
		<subfield code="6">880-05</subfield>
		<subfield code="a">Miṣr :</subfield>
		<subfield code="b">al-Matbʻah al-Raḥmānīyah bi-Miṣr,</subfield>
		<subfield code="c">1355 H - 1936 M.</subfield>
	</datafield>
	<datafield ind1=" " ind2=" " tag="300">
		<subfield code="a">online resource (362, 23, 223 pages) :</subfield>
		<subfield code="b">facsimilies</subfield>
	</datafield>
	<datafield ind1=" " ind2=" " tag="336">
		<subfield code="a">text</subfield>
		<subfield code="2">rdacontent</subfield>
	</datafield>
	<datafield ind1=" " ind2=" " tag="337">
		<subfield code="a">computer</subfield>
		<subfield code="2">rdamedia</subfield>
	</datafield>
	<datafield ind1=" " ind2=" " tag="338">
		<subfield code="a">online resource</subfield>
		<subfield code="2">rdacarrier</subfield>
	</datafield>
	<datafield ind1=" " ind2=" " tag="500">
		<subfield code="a">Part of the Arabic Collections Online (ACO) project, contributed by American University in Cairo Library.</subfield>
	</datafield>
	<datafield ind1=" " ind2=" " tag="504">
		<subfield code="a">Includes bibliographical references and indexes.</subfield>
	</datafield>
	<datafield ind1=" " ind2=" " tag="500">
		<subfield code="a">Index has title in English: Index of Quʼānic verses, to the English part of: Materials for the History of the text of the Qurʼān.</subfield>
	</datafield>
	<datafield ind1=" " ind2=" " tag="500">
		<subfield code="6">880-06</subfield>
		<subfield code="a">&quot;Nuqila min nuskhah khaṭṭīyah waḥīdah maḥfūẓah fī al-maktabah al-Ẓāhirīyah bi-Dimashq.&quot;</subfield>
	</datafield>
	<datafield ind1=" " ind2=" " tag="533">
		<subfield code="a">Electronic reproduction.</subfield>
		<subfield code="b">New York, N.Y. :</subfield>
		<subfield code="c">New York University,</subfield>
		<subfield code="d">2019.</subfield>
		<subfield code="5">NNU</subfield>
	</datafield>
	<datafield ind1=" " ind2=" " tag="546">
		<subfield code="a">Arabic and English.</subfield>
	</datafield>
	<datafield ind1="0" ind2="0" tag="630">
		<subfield code="a">Qurʼan</subfield>
		<subfield code="x">Readings</subfield>
		<subfield code="v">Early works to 1800.</subfield>
	</datafield>
	<datafield ind1="0" ind2="0" tag="630">
		<subfield code="a">Qurʼan</subfield>
		<subfield code="x">Criticism, Textual</subfield>
		<subfield code="v">Early works to 1800.</subfield>
	</datafield>
	<datafield ind1="0" ind2="7" tag="630">
		<subfield code="a">Qurʼan.</subfield>
		<subfield code="2">fast</subfield>
		<subfield code="0">(OCoLC)fst01842877</subfield>
	</datafield>
	<datafield ind1=" " ind2="7" tag="655">
		<subfield code="a">Criticism, interpretation, etc.</subfield>
		<subfield code="2">fast</subfield>
		<subfield code="0">(OCoLC)fst01411635</subfield>
	</datafield>
	<datafield ind1=" " ind2="7" tag="655">
		<subfield code="a">Early works.</subfield>
		<subfield code="2">fast</subfield>
		<subfield code="0">(OCoLC)fst01411636</subfield>
	</datafield>
	<datafield ind1="1" ind2=" " tag="700">
		<subfield code="6">880-07</subfield>
		<subfield code="a">Jeffery, Arthur.</subfield>
	</datafield>
	<datafield ind1="2" ind2=" " tag="710">
		<subfield code="a">American University in Cairo.</subfield>
		<subfield code="b">Library.</subfield>
	</datafield>
	<datafield ind1="0" ind2=" " tag="730">
		<subfield code="a">Arabic Collections Online.</subfield>
	</datafield>
	<datafield ind1="0" ind2=" " tag="740">
		<subfield code="a">Index of Quʼānic verses, to the English part of: Materials for the History of the text of the Qurʼān.</subfield>
	</datafield>
	<datafield ind1="0" ind2="8" tag="776">
		<subfield code="i">Print version:</subfield>
		<subfield code="a">Sijistānī, ʻAbd Allāh ibn Sulaymān, 845-928 or 929.</subfield>
		<subfield code="t">Kitāb al-Maṣāḥif</subfield>
		<subfield code="w">(UaCaAUL)b23721613</subfield>
		<subfield code="w">(OCoLC)318934339</subfield>
	</datafield>
	<datafield ind1="4" ind2="0" tag="856">
		<subfield code="u">http://hdl.handle.net/2333.1/tmpg4q2k</subfield>
	</datafield>
	<datafield ind1="1" ind2=" " tag="880">
		<subfield code="6">100-01</subfield>
		<subfield code="a">سجستاني، عبد الله بن سليمان،</subfield>
		<subfield code="d">845-928 or 929.</subfield>
	</datafield>
	<datafield ind1="1" ind2="0" tag="880">
		<subfield code="6">240-02</subfield>
		<subfield code="a">مصاحف</subfield>
	</datafield>
	<datafield ind1="1" ind2="0" tag="880">
		<subfield code="6">245-03</subfield>
		<subfield code="a">كتاب المصاحف /</subfield>
		<subfield code="c">للحافظ أبي بكر عبد الله بن أبي داود سليمان بن الأشعث السجستاني المتوفى سنة 316 ه ؛ وقد صححه ووقف على طبعه الدكتور آثر جفري.</subfield>
	</datafield>
	<datafield ind1=" " ind2=" " tag="880">
		<subfield code="6">250-04</subfield>
		<subfield code="a">الطبعة الأولى.</subfield>
	</datafield>
	<datafield ind1=" " ind2="1" tag="880">
		<subfield code="6">264-05</subfield>
		<subfield code="a">مصر :</subfield>
		<subfield code="b">المطبعة الرحمانية بمصر،</subfield>
		<subfield code="c">1355 ه - 1936 م.</subfield>
	</datafield>
	<datafield ind1=" " ind2=" " tag="880">
		<subfield code="6">500-06</subfield>
		<subfield code="a">&quot;نقل من نسخة خطية وحيدة محفوظة في المكتبة الظاهرية بدمشق.&quot;</subfield>
	</datafield>
	<datafield ind1="1" ind2=" " tag="880">
		<subfield code="6">700-07</subfield>
		<subfield code="a">جفري، آثر.</subfield>
	</datafield>
	<datafield ind1=" " ind2=" " tag="959">
		<subfield code="a">NNU</subfield>
		<subfield code="b">WEB</subfield>
		<subfield code="c">GENI</subfield>
		<subfield code="t">0</subfield>
		<subfield code="m">Electronic access</subfield>
		<subfield code="s">01</subfield>
	</datafield>
	<datafield ind1=" " ind2=" " tag="999">
		<subfield code="i">UaCaAUL_b23721613</subfield>
		<subfield code="o">(OCoLC)ocn318934339</subfield>
		<subfield code="s">auc_aco000579</subfield>
		<subfield code="e">(ERROR-880)</subfield>
		<subfield code="s">auc_aco000579</subfield>
	</datafield>
</record>
